@online{site:documentazione-nestjs,
    title   = {Documentazione ufficiale NestJS},
    url     = {https://docs.nestjs.com/}
}

@online{site:documentazione-spring-boot,
    title   = {Documentazione ufficiale Spring Boot},
    url     = {https://spring.io/projects/spring-boot#learn}
}

@online{site:layered-architecture,
    title   = {Layered Architecture},
    url     = {https://cs.uwaterloo.ca/~m2nagapp/courses/CS446/1195/Arch_Design_Activity/Layered.pdf}
}

@online{site:logging,
    title   = {Logging},
    url     = {https://www.loggly.com/use-cases/application-logging-best-practices/}
}

@online{site:microservizi,
    title   = {Microservizi},
    url     = {https://aws.amazon.com/it/microservices/}
}

@online{site:migrazione-monolite-microservizi,
    title   = {Migrazione da monolite a microservizi},
    url     = {https://docs.microsoft.com/it-it/azure/architecture/microservices/migrate-monolith}
}

@online{site:api-gateway,
    title   = {API gateway},
    url     = {https://www.nginx.com/blog/building-microservices-using-an-api-gateway/}
}

@online{site:documentazione-node.js,
    title   = {Documentazione ufficiale Node.js},
    url     = {https://nodejs.dev/en/learn/}
}